%% This BibTeX bibliography file was created using BibDesk.
%% http://bibdesk.sourceforge.net/


%% Created for Christian Bird at 2009-04-06 12:54:49 -0700 


%% Saved with string encoding Unicode (UTF-8) 

@inproceedings{bird2009fbb,
	Author = {{\bf Christian Bird} and Adrian Bachmann and Eirik Aune and John Duffy and Abraham Bernstein and
	Vladimir Filkov and Premkumar Devanbu},
	Booktitle = {ESEC/FSE: Proceedings of the 17th ACM SIGSOFT Symposium  on Foundations of Software Engineering},
	Location = {Amsterdam Netherlands, USA},
	Title = {{Fair and Balanced? Bias in Bug-Fix Datasets} },
	Year = {2009 (to appear)}
}



@inproceedings{bird2009ppm,
	Address = {Washington, DC, USA},
	Author = { \textbf{Christian Bird} and Peter C. Rigby and Earl T. Barr and David J. Hamilton and Daniel M. German and Prem Devanbu},
	Booktitle = {MSR '09: Proceedings of the Sixth Working Conference on Mining Software Repositories},
	Date-Added = {2009-04-03 17:20:32 -0700},
	Date-Modified = {2009-04-06 12:36:30 -0700},
	Publisher = {IEEE Computer Society},
	Title = {{The Promises and Perils of Mining Git}},
	Year = {2009}}

@inproceedings{bird2009sdr,
	Author = {{\bf Christian Bird} and Earl Barr and   Andre Nash and Premkumar Devanbu and Vladimir Filkov   and Zhendong Su},
	Booktitle = {SDM '09: Proceedings of the Ninth SIAM International Conference on Data Mining},
	Date-Modified = {2009-04-06 12:49:59 -0700},
	Location = {Sparks, Nevada, USA},
	Publisher = {SIAM},
	Title = {{Structure and Dynamics of Research Collaboration in Computer Science} },
	Year = {2009}
}

@article{bird2009dddb,
	Author = {{\bf Christian Bird} and Nachiappan Nagappan and   Premkumar Devanbu and Harald Gall and Brendan Murphy},
	journal = {Communications of the ACM (to appear)},
	Title = {{Does Distributed Development Affect Software Quality? An Empirical   Case Study of Windows Vista} },
	publisher = {ACM},
	address = {New York, NY, USA}
}

@inproceedings{bird2009ddd,
	Author = {{\bf Christian Bird} and Nachiappan Nagappan and   Premkumar Devanbu and Harald Gall and Brendan Murphy},
	Booktitle = {ICSE '09: Proceedings of the 2009 International Conference on Software Engineering},
	Date-Modified = {2009-04-06 12:38:49 -0700},
	Location = {Vancouver, Canada},
	Title = {{Does Distributed Development Affect Software Quality? An Empirical   Case Study of Windows Vista} },
	Year = {2009 (\textbf{Best Paper Award})}
}

@inproceedings{bird2008lss,
	Address = {New York, NY, USA},
	Author = {{\bf Christian Bird} and David Pattison and Raissa D'Souza and   Vladimir Filkov and Premkumar Devanbu},
	Booktitle = {SIGSOFT '08/FSE-16: Proceedings of the 16th ACM SIGSOFT Symposium  on Foundations of Software Engineering},
	Date-Modified = {2009-04-06 12:54:47 -0700},
	Location = {Atlanta, Georgia, USA},
	Pages = {24--35},
	Publisher = {ACM},
	Title = {{Latent Social Structure in Open Source Projects} },
	Year = {2008}}

@inproceedings{pattison2008twp,
	Address = {New York, NY, USA},
	Author = {David Pattison and {\bf Christian Bird} and Premkumar Devanbu},
	Booktitle = {MSR '08: Proceedings of the Fifth International Working Conference on Mining Software Repositories},
	Date-Modified = {2009-04-06 12:47:27 -0700},
	Doi = {http://doi.acm.org/10.1145/1370750.1370776},
	Isbn = {978-1-60558-024-1},
	Location = {Leipzig, Germany},
	Pages = {113--116},
	Publisher = {ACM},
	Title = {{Talk and Work: a Preliminary Report} },
	Year = {2008},
	Bdsk-Url-1 = {http://doi.acm.org/10.1145/1370750.1370776}}

@inproceedings{saul2007rrw,
	Address = {New York, NY, USA},
	Author = {Zachary M. Saul and Vladimir Filkov and Premkumar Devanbu and {\bf Christian Bird}},
	Booktitle = {ESEC-FSE '07: Proceedings of the the Sixth joint meeting of the European Software Engineering Conference and the ACM SIGSOFT Symposium on The Foundations of Software Engineering},
	Date-Modified = {2009-04-06 12:47:52 -0700},
	Doi = {http://doi.acm.org/10.1145/1287624.1287629},
	Isbn = {978-1-59593-811-4},
	Location = {Dubrovnik, Croatia},
	Pages = {15--24},
	Publisher = {ACM (\textbf{nominated for best paper})},
	Title = {{Recommending Random Walks} },
	Year = {2007},
	Bdsk-Url-1 = {http://doi.acm.org/10.1145/1287624.1287629}}

@inproceedings{bird2007dps,
	Address = {Washington, DC, USA},
	Author = { {\bf Christian Bird} and Alex Gourley and Prem Devanbu},
	Booktitle = {MSR '07: Proceedings of the Fourth International Workshop on Mining Software Repositories},
	Date-Modified = {2009-04-06 12:48:15 -0700},
	Doi = {http://dx.doi.org/10.1109/MSR.2007.6},
	Isbn = {0-7695-2950-X},
	Pages = {26--35},
	Publisher = {IEEE Computer Society},
	Title = {{Detecting Patch Submission and Acceptance in OSS Projects} },
	Year = {2007},
	Bdsk-Url-1 = {http://dx.doi.org/10.1109/MSR.2007.6}}

@inproceedings{ogawa2007vsi,
	Author = {Michael Ogawa and Kwan-Liu Ma and {\bf Christian Bird} and Premkumar T. Devanbu and                Alex Gourley},
	Booktitle = {APVIS 2007, Sixth International Asia-Pacific Symposium on Visualization},
	Date-Modified = {2009-04-06 12:39:24 -0700},
	Pages = {25-32},
	Title = {{Visualizing Social Interaction in Open Source Software Projects} },
	Year = {2007}}

@inproceedings{bird2007obi,
	Address = {Washington, DC, USA},
	Author = { \textbf{Christian Bird} and Alex Gourley and Prem Devanbu and Anand Swaminathan and Greta Hsu},
	Booktitle = {MSR '07: Proceedings of the Fourth International Workshop on Mining Software Repositories},
	Date-Modified = {2009-04-06 12:38:24 -0700},
	Doi = {http://dx.doi.org/10.1109/MSR.2007.23},
	Isbn = {0-7695-2950-X},
	Pages = {6},
	Publisher = {IEEE Computer Society},
	Title = {{Open Borders? Immigration in Open Source Projects} },
	Year = {2007},
	Bdsk-Url-1 = {http://dx.doi.org/10.1109/MSR.2007.23}}

@inproceedings{bird2006mes,
	Address = {New York, NY, USA},
	Author = {{\bf Christian Bird} and Alex Gourley and Prem Devanbu and Michael Gertz and Anand Swaminathan},
	Booktitle = {MSR '06: Proceedings of the Third International Workshop on Mining software repositories},
	Date-Modified = {2009-04-06 12:38:42 -0700},
	Doi = {http://doi.acm.org/10.1145/1137983.1138016},
	Isbn = {1-59593-397-2},
	Location = {Shanghai, China},
	Pages = {137--143},
	Publisher = {ACM},
	Title = {{Mining Email Social Networks} },
	Year = {2006},
	Bdsk-Url-1 = {http://doi.acm.org/10.1145/1137983.1138016}}

@inproceedings{bird2006mesp,
	Address = {New York, NY, USA},
	Author = {{\bf Christian Bird} and Alex Gourley and Prem Devanbu and Michael Gertz and Anand Swaminathan},
	Booktitle = {MSR '06: Proceedings of the Third International Workshop on Mining software repositories},
	Date-Modified = {2009-04-06 12:38:33 -0700},
	Doi = {http://doi.acm.org/10.1145/1137983.1138033},
	Isbn = {1-59593-397-2},
	Location = {Shanghai, China},
	Pages = {185--186},
	Publisher = {ACM},
	Title = {{Mining Email Social Networks in Postgres} },
	Year = {2006},
	Bdsk-Url-1 = {http://doi.acm.org/10.1145/1137983.1138033}}
